@article{RaoTeh13,
author = {V. Rao and Y. W. Teh.},
title = {Fast MCMC sampling for Markov jump processes and extensions.},
journal = {Journal of Machine Learning Research},
volume = {},
number = {},
year = {2013},
abstract = {}
}
@article{RaoTeh12,
author = {V. Rao and Y. W. Teh.},
title = {MCMC for continuous-time discrete-state systems.},
journal = {In Advances in Neural Information Processing Systems},
volume = {},
number = {24},
year = {2012},
abstract = {}
}

@article{Andrieu10,
author = {C. Andrieu and A. Doucet and R. Holenstein.},
title = {Particle Markov chain Monte Carlo methods.},
journal = {Journal of the Royal Statistical Society},
volume = {B},
number = {},
year = {2010},
abstract = {}
}
@article{Andrieu09,
author = {C. Andrieu and G. O. ROBERTS},
title = {THE PSEUDO-MARGINAL APPROACH FOR EFFICIENT MONTE CARLO COMPUTATIONS.
},
journal = {Annals of Statistics},
volume = {37},
number = {2},
year = {2009},
abstract = {}
}
@article{Golightly15,
author = {A. Golightly and D. A. Henderson and C. Sherlock},
title = {Delayed acceptance particle MCMC for exact inference in stochastic kinetic models.
},
journal = {Statistics and Computing},
volume = {25},
number = {Issue 5},
year = {2015},
abstract = {}
}
@article{Andrieu102,
author = {A. Golightly and D. A. Henderson and C. Sherlock},
title = {Delayed acceptance particle MCMC for exact inference in stochastic kinetic models.
},
journal = {Statistics and Computing},
volume = {25},
number = {Issue 5},
year = {2015},
abstract = {}
}
@article{Liu94,
author = {Jun S. Liu},
title = {The Collapsed Gibbs Sampler in Bayesian Computations With Applications to Gene Regulation Problem},
journal = {American Statistical Association},
volume = {89},
number = {427},
year = {1994},
abstract = {}
}
@article{Neal12,
author = {Radford M. Neal},
title = {MCMC using Hamiltonian dynamics},
journal = {the Handbook of Markov Chain Monte Carlo},
volume = {Chapter 5},
number = {},
year = {2011},
abstract = {}
}
@article{Neal03,
author = {Radford M. Neal},
title = {SLICE SAMPLING},
journal = {The Annals of Statistics},
volume = {31},
number = {3},
year = {2003},
abstract = {}
}
	


